@book{A01,
  author = {Author, A.},
  year = {2001},
  title = {Alpha},
}