%% LaTeX2e file `Main.bib'
%% generated by the `filecontents' environment
%% from source `Main' on 2020/08/19.
%%
@book{A01,
  author = {Author, A.},
  year = {2001},
  title = {Alpha},
}
